@phdthesis{schmid_2016_depiction,
  author = {Schmid, Michael},
  title = {Depiction of identity and agency in selected works of Chicana literature},
  url = {https://unipub.uni-graz.at/obvugrhs/content/titleinfo/1349394},
  urldate = {2025-05-12},
  year = {2016}
}

@misc{zavala_2018_adolescent,
  author = {Zavala, Noel},
  month = {04},
  title = {Adolescent time: Adolescence and the formation of Chicano literature},
  url = {https://www.ideals.illinois.edu/items/107423},
  urldate = {2025-05-12},
  year = {2018},
  organization = {Illinois.edu}
}
@BOOK{Henriquez2014-sh,
  title     = "The book of unknown Americans",
  author    = "Henriquez, Cristina",
  publisher = "Knopf Publishing Group",
  month     =  aug,
  year      =  2014
}
@misc{testimonio,
  author = {Cantu, Norma},
  editor = {Suzanne Bost, Frances Aparicio},
  publisher = {Taylor & Francis Group},
  title = {MEMOIR, AUTOBIOGRAPHY, TESTIMONIO},
  year = {2012}
}